% Encoding: UTF-8

@Book{colosimo;2006,
  title     = {Análise de Sobrevivência Aplicada},
  publisher = {Editora Bucher},
  year      = {2006},
  author    = {Colosimo, E, A. and Giolo, S. R.},
  address   = {São Paulo},
}

@Article{Barreto;1994,
  author  = {Barreto, M. L. and Santos, L. M. P. and Assis, A. M. O. and Araújo, M. P. N. and Franzena, G. G. and Santos, P. A. B. and Fiaccone, R. L.},
  title   = {Effect of vitamin A supplementation on diarrhoea acute lower-respiratory-tract infection in young children in Brazil},
  journal = {Lancet 344},
  year    = {1994},
  pages   = {228-231},
}

@Book{Lawless;2003,
  title     = {Statistical Models and Methods for Lifetime Data},
  publisher = {John Wiley and sons},
  year      = {2003},
  author    = {Lawless, J. F.},
  address   = {New York},
  edition   = {2nd edition},
}

@MastersThesis{Hashimoto;2008,
  author  = {Hashimoto, E. M.},
  title   = {Modelo de regressão para dados com censura intervalar e dados de sobrevivência grupados.},
  school  = {Escola Superior de Agricultura Luiz de Queiroz, Universidade de São Paulo},
  year    = {2008},
  address = {Piracicaba},
}

@MastersThesis{Resende;2017,
  author  = {Resende, V. S.},
  title   = {Modelo de Regressão Log-Beta Burr III para dados Grupados},
  school  = {Universidade de Brasília. Departamento de Estatística - Instituto de Ciências Exatas.},
  year    = {2017},
  address = {Brasília},
}

@Comment{jabref-meta: databaseType:bibtex;}
